<record><leader>00000cas a22000007a 4500</leader><controlfield tag="001">10202361</controlfield><controlfield tag="008">831208d18371840ohuwr n       0    0eng d</controlfield><datafield ind1=" " ind2=" " tag="010"><subfield code="a">sn 88078746 </subfield></datafield><datafield ind1=" " ind2=" " tag="040"><subfield code="a">CRL</subfield><subfield code="b">eng</subfield><subfield code="c">CRL</subfield><subfield code="d">ONP</subfield><subfield code="d">OCL</subfield><subfield code="d">OCLCQ</subfield><subfield code="d">OCLCO</subfield><subfield code="d">OCLCA</subfield></datafield><datafield ind1="1" ind2=" " tag="029"><subfield code="a">AU@</subfield><subfield code="b">000020120956</subfield></datafield><datafield ind1=" " ind2=" " tag="042"><subfield code="a">msc</subfield></datafield><datafield ind1=" " ind2=" " tag="043"><subfield code="a">n-us-oh</subfield></datafield><datafield ind1="0" ind2="0" tag="245"><subfield code="a">Gambier observer and western church journal.</subfield></datafield><datafield ind1=" " ind2=" " tag="260"><subfield code="a">Gambier, Knox Co., Ohio :</subfield><subfield code="b">J. Muenscher &amp; M.T.C. Wing,</subfield><subfield code="c">1837-1840.</subfield></datafield><datafield ind1=" " ind2=" " tag="300"><subfield code="a">v.</subfield></datafield><datafield ind1="0" ind2=" " tag="362"><subfield code="a">Vol. 8, no. 1 (Nov. 22, 1837)-v. 10, no. 52 (Dec. 9, 1840) = whole no. 365-whole no. 520.</subfield></datafield><datafield ind1="2" ind2="0" tag="610"><subfield code="a">Episcopal Church</subfield><subfield code="z">Ohio</subfield><subfield code="v">Newspapers.</subfield></datafield><datafield ind1=" " ind2="0" tag="651"><subfield code="a">Gaambier (Ohio)</subfield><subfield code="v">Newspapers.</subfield></datafield><datafield ind1=" " ind2="0" tag="651"><subfield code="a">Knox County (Ohio)</subfield><subfield code="v">Newspapers.</subfield></datafield><datafield ind1=" " ind2=" " tag="752"><subfield code="a">United States</subfield><subfield code="b">Ohio</subfield><subfield code="c">Knox</subfield><subfield code="d">Gambier.</subfield></datafield><datafield ind1="0" ind2="0" tag="780"><subfield code="t">Gambier observer</subfield><subfield code="w">(DLC)sn 88027790</subfield></datafield><datafield ind1="0" ind2="0" tag="785"><subfield code="t">Western Episcopal observer</subfield><subfield code="w">(DLC)sn 88074017</subfield></datafield></record>